75600000         100006417564967                    01385400000001219240Leandro José Zanatta          SICOOB                                  11606202014215400000208100000                                                                     
75600011R01  040 1000006417564967                    0138540000000121924 Leandro José Zanatta                                                                                          000000011606202000000000                                 
7560001300001P 010138540000000121924 000000003601014     10 223              2506202000000000019800000000 04N160620201260620200000000000002000000000000000000000000000000000000000000000000000000003                        1300   090000000000 
7560001300002Q 011000008783466940LUIZ EDUARDO MENDES                     JOÃO KZARNOBAI                          ANTÔNIO RECH   89910000Descanso       SC0000000000000000                                        000                            
7560001300003R 01000000000000000000000000000000000000000000000000126062020000000000000500                                                                                                              2506202100000000 000000000000  0         
7560001300004S 013NÃO RECEBER APÓS 25/06/2021             APÓS VENC. COBRAR JUROS DE R$ 39,60/DIA APÓS VENC. COBRAR MULTA DE R$99,00/DIA  PROTESTAR APÓS 25/07/2020                                                                             
75600015         00000100000100000000000198000000000000000000000000000000000000000000000000000000000000000000000000                                                                                                                             
75699999         000001000001000000                                                                                                                                                                                                             
