75600000         100006417564967                    01385400000001219240Leandro José Zanatta          SICOOB                                  11607202021225600000308100000                                                                     
75600011R01  040 1000006417564967                    0138540000000121924 Leandro José Zanatta                                                                                          000000011607202000000000                                 
7560001300001P 010138540000000121924 000000004301014     10 224              2607202000000000018000000000 04N160720201270720200000000000002000000000000000000000000000000000000000000000000000000004                        1300   090000000000 
7560001300002Q 011000008783466940LUIZ EDUARDO MENDES                     JOÃO KZARNOBAI                          ANTÔNIO RECH   89910000Descanso       SC0000000000000000                                        000                            
7560001300003R 01000000000000000000000000000000000000000000000000127072020000000000000500                                                                                                              2607202100000000 000000000000  0         
7560001300004S 013NÃO RECEBER APÓS 26/07/2021             APÓS VENC. COBRAR JUROS DE R$ 36,00/DIA APÓS VENC. COBRAR MULTA DE R$90,00/DIA  PROTESTAR APÓS 25/08/2020                                                                             
75600015         00000100000100000000000180000000000000000000000000000000000000000000000000000000000000000000000000                                                                                                                             
75699999         000001000001000000                                                                                                                                                                                                             
